% Encoding: UTF-8@Misc{wiki:oop,  title        = {Объектно ориентированное программирование},  howpublished = {[Электронный ресурс]},  note         = {Режим доступа: https://goo.gl/HHPNvB},}@Misc{wiki:object,  title        = {Объект (программирование)},  howpublished = {[Электронный ресурс]},  note         = {Режим доступа: https://goo.gl/TEbXHn},}@Misc{wiki:protocol,  title        = {Интерфейс (объектно-ориентированное программирование)},  howpublished = {[Электронный ресурс]},  note         = {Режим доступа: https://goo.gl/ZZRpkL},}